<record><leader>00000cas a22000007a 4500</leader><controlfield tag="001">2269468</controlfield><controlfield tag="008">760620d18381839pauwr ne      0    0eng d</controlfield><controlfield tag="009">54</controlfield><datafield ind1=" " ind2=" " tag="010"><subfield code="a">sn 84038546 </subfield></datafield><datafield ind1=" " ind2=" " tag="040"><subfield code="a">PIT</subfield><subfield code="b">eng</subfield><subfield code="c">PIT</subfield><subfield code="d">NPX</subfield><subfield code="d">NPH</subfield><subfield code="d">DLC</subfield><subfield code="d">NPH</subfield><subfield code="d">DLC</subfield><subfield code="d">OCLCF</subfield></datafield><datafield ind1="1" ind2=" " tag="029"><subfield code="a">AU@</subfield><subfield code="b">000025822252</subfield></datafield><datafield ind1=" " ind2=" " tag="042"><subfield code="a">msc</subfield></datafield><datafield ind1=" " ind2=" " tag="043"><subfield code="a">n-us-pa</subfield></datafield><datafield ind1="0" ind2="0" tag="050"><subfield code="a">Newspaper</subfield></datafield><datafield ind1="0" ind2=" " tag="130"><subfield code="a">Western emporium (Allegheny, Pa.)</subfield></datafield><datafield ind1="1" ind2="4" tag="245"><subfield code="a">The Western emporium.</subfield></datafield><datafield ind1="1" ind2="3" tag="246"><subfield code="a">Emporium</subfield></datafield><datafield ind1=" " ind2=" " tag="260"><subfield code="a">Allegheny, Pa. :</subfield><subfield code="b">Lawson and Parkin,</subfield><subfield code="c">1838-</subfield></datafield><datafield ind1=" " ind2=" " tag="300"><subfield code="a">v. ;</subfield><subfield code="c">52 cm.</subfield></datafield><datafield ind1=" " ind2=" " tag="310"><subfield code="a">Weekly</subfield></datafield><datafield ind1="0" ind2=" " tag="362"><subfield code="a">Vol. 1, no. 1 (Apr. 30, 1838)-</subfield></datafield><datafield ind1="1" ind2=" " tag="362"><subfield code="a">Ceased in 1839.</subfield></datafield><datafield ind1=" " ind2=" " tag="500"><subfield code="a">Subtitle: A weekly journal of politics, literature, news, agriculture, science and art.</subfield></datafield><datafield ind1=" " ind2=" " tag="500"><subfield code="a">Published by George Parkin, &lt;June 12, 1838-Oct. 1839&gt;.</subfield></datafield><datafield ind1=" " ind2=" " tag="500"><subfield code="a">The city of Pittsburg was consolidated with Allegheny in 1907. Cf. Espenshade A.H.  Pennsylvania place names.</subfield></datafield><datafield ind1=" " ind2="0" tag="651"><subfield code="a">Allegheny County (Pa.)</subfield><subfield code="v">Newspapers.</subfield></datafield><datafield ind1=" " ind2="7" tag="655"><subfield code="a">Newspapers.</subfield><subfield code="2">fast</subfield><subfield code="0">(OCoLC)fst01423814</subfield></datafield><datafield ind1=" " ind2="7" tag="651"><subfield code="a">Pennsylvania</subfield><subfield code="z">Allegheny County.</subfield><subfield code="2">fast</subfield><subfield code="0">(OCoLC)fst01209250</subfield></datafield><datafield ind1=" " ind2=" " tag="752"><subfield code="a">United States</subfield><subfield code="b">Pennsylvania</subfield><subfield code="c">Allegheny</subfield><subfield code="d">Pittsburgh.</subfield></datafield><datafield ind1=" " ind2=" " tag="752"><subfield code="a">United States</subfield><subfield code="b">Pennsylvania</subfield><subfield code="c">Allegheny</subfield><subfield code="d">Allegheny.</subfield></datafield><datafield ind1="0" ind2="7" tag="785"><subfield code="t">Weekly advocate and statesman</subfield><subfield code="w">(DLC)sn 87078196</subfield></datafield><datafield ind1="0" ind2="7" tag="785"><subfield code="t">Weekly advocate and emporium</subfield><subfield code="w">(DLC)sn 85054909</subfield></datafield></record>